
<record>
  <controlfield tag="001">799447</controlfield>
  <datafield tag="024" ind1="7" ind2=" ">
    <subfield code="a">10.1088/0004-6256/137/1/419</subfield>
    <subfield code="2">DOI</subfield>
    <subfield code="9">ADS</subfield>
  </datafield>
  <datafield tag="035" ind1=" " ind2=" ">
    <subfield code="a">oai:arXiv.org:0810.2557</subfield>
    <subfield code="z">oai:arXiv.org:0810.2557</subfield>
    <subfield code="9">arXiv</subfield>
  </datafield>
  <datafield tag="035" ind1=" " ind2=" ">
    <subfield code="a">Williams:2008ki</subfield>
    <subfield code="9">SPIRESTeX</subfield>
  </datafield>
  <datafield tag="035" ind1=" " ind2=" ">
    <subfield code="a">2009AJ....137..419W</subfield>
    <subfield code="9">ADS</subfield>
  </datafield>
  <datafield tag="037" ind1=" " ind2=" ">
    <subfield code="a">arXiv:0810.2557</subfield>
    <subfield code="9">arXiv</subfield>
    <subfield code="c">astro-ph</subfield>
  </datafield>
  <datafield tag="245" ind1=" " ind2=" ">
    <subfield code="a">The ACS Nearby Galaxy Survey Treasury I. The Star Formation History of the M81 Outer Disk</subfield>
  </datafield>
</record>