
<record>
  <controlfield tag="001">799228</controlfield>
  <datafield tag="024" ind1="7" ind2=" ">
    <subfield code="a">10.1051/0004-6361:200810718</subfield>
    <subfield code="2">DOI</subfield>
    <subfield code="9">ADS</subfield>
  </datafield>
  <datafield tag="035" ind1=" " ind2=" ">
    <subfield code="a">oai:arXiv.org:0810.2248</subfield>
    <subfield code="z">oai:arXiv.org:0810.2248</subfield>
    <subfield code="9">arXiv</subfield>
  </datafield>
  <datafield tag="035" ind1=" " ind2=" ">
    <subfield code="a">Moretti:2008za</subfield>
    <subfield code="9">SPIRESTeX</subfield>
  </datafield>
  <datafield tag="035" ind1=" " ind2=" ">
    <subfield code="a">2009A&amp;A...493..539M</subfield>
    <subfield code="9">ADS</subfield>
  </datafield>
  <datafield tag="037" ind1=" " ind2=" ">
    <subfield code="a">arXiv:0810.2248</subfield>
    <subfield code="9">arXiv</subfield>
    <subfield code="c">astro-ph</subfield>
  </datafield>
  <datafield tag="245" ind1=" " ind2=" ">
    <subfield code="a">MCAO near-IR photometry of the Globular Cluster NGC 6388: MAD observations in crowded fields</subfield>
  </datafield>
</record>