
<record>
  <controlfield tag="001">808702</controlfield>
  <datafield tag="024" ind1="7" ind2=" ">
    <subfield code="2">DOI</subfield>
    <subfield code="a">10.1134/S0021364008140038</subfield>
  </datafield>
  <datafield tag="035" ind1=" " ind2=" ">
    <subfield code="z">D10-10975</subfield>
    <subfield code="9">DESY</subfield>
  </datafield>
  <datafield tag="035" ind1=" " ind2=" ">
    <subfield code="a">Aulchenko:2008zz</subfield>
    <subfield code="9">SPIRESTeX</subfield>
  </datafield>
  <datafield tag="245" ind1=" " ind2=" ">
    <subfield code="a">Search for the phi ---&gt; pi+ pi- gamma gamma and phi ---&gt; pi+ pi- eta decays with the CMD-2 detector</subfield>
  </datafield>
</record>

</collection>